<?xml version="1.0" encoding="UTF-8"?><collection xmlns="http://www.loc.gov/MARC21/slim"><record><leader>00559nam--2200169-i-4500</leader><controlfield tag="001">000010132</controlfield><controlfield tag="002">20161230</controlfield><controlfield tag="005">20161230201028</controlfield><controlfield tag="008">060222s1000------------r-----000-0-eng-d</controlfield><datafield ind1=" " ind2=" " tag="040"><subfield code="a">IFIN-HH</subfield></datafield><datafield ind1=" " ind2=" " tag="080"><subfield code="a">539.2:539.172.3:015</subfield></datafield><datafield ind1="1" ind2=" " tag="100"><subfield code="a">Boolchand, Punit</subfield></datafield><datafield ind1="1" ind2="0" tag="245"><subfield code="a">Electric quadrupole interactions in single cry stals of te-metal, hf-metal and cawo4 by mossbauer effect</subfield><subfield code="b">Dissertation</subfield><subfield code="c">Punit boolchand</subfield></datafield><datafield ind1=" " ind2=" " tag="260"><subfield code="a">Ann Arbor, Michigan</subfield><subfield code="b">University Microfilms, Inc</subfield><subfield code="c">1969</subfield></datafield><datafield ind1=" " ind2=" " tag="300"><subfield code="a">XII + 144 P</subfield></datafield><datafield ind1=" " ind2=" " tag="852"><subfield code="a">36639</subfield><subfield code="c">539.2</subfield></datafield><datafield ind1=" " ind2=" " tag="CAT"><subfield code="a">Sys</subfield><subfield code="c">20121019</subfield><subfield code="h">144306</subfield></datafield></record></collection>